%
%  Vzor bibliografické databáze pro automatickou tvorbu seznamu referencí
%  pomocí BibTeXu
%
%  Doporučený software pro správu databáze literatury formátu *.bib:
%    JabRef, http://jabref.sourceforge.net/
%
%  POZOR:
%
%    *  Písmena v názvech publikací, jež je třeba tisknout vždy velká, se musejí psát
%       do složených závorek ({T}hailand, {HIV})
%
%  ===========================================================================

@MISC{Aktualne,
    author = {Mainclová, E.},
    title = {Má se u nás místo parku stavět supermarket? {A}plikace lidem prozradí plány jejich radnice},
    year = {2016},
    howpublished = { Dostupné z: \url{https://zpravy.aktualne.cz/domaci/brnan-vymyslel-novou-aplikaci-uzavirka-nebo-novy-supermarket/r~c339fe6e2d8011e683920025900fea04/} [cit. 2022-03-22]}
}

@MISC{ZakonSvobodny3-11,
    author = {ČESKO},
    title = {§ 3 odst. 11 zákona č. 106/1999 Sb., o svobodném přístupu k informacím - znění od 1. 2. 2022.},
    howpublished = { In: Zákony pro lidi.cz [online]. © AION CS 2010-2022 [cit. 2022-07-15]. Dostupné z: \url{https://www.zakonyprolidi.cz/cs/1999-106#p3-11}}
}

@MISC{ZakonSvobodny3,
    author = {ČESKO},
    title = {§ 3 zákona č. 106/1999 Sb., o svobodném přístupu k informacím - znění od 1. 2. 2022.},
    howpublished = { In: Zákony pro lidi.cz [online]. © AION CS 2010-2022 [cit. 2022-03-22]. Dostupné z: \url{https://www.zakonyprolidi.cz/cs/1999-106#p3}}
}

@MISC{NKOD,
    author = {MINISTERSTVO VNITRA ČR},
    title = {Národní katalog otevřených dat [software]},
    howpublished = { Dostupné z: \url{https://data.gov.cz/} [cit. 2022-07-13]}
}

@TechReport{SPARQL,
  author      = "",
  title       = "{SPARQL} 1.1 Overview",
  month       = mar,
  note        = {\url{https://www.w3.org/TR/2013/REC-sparql11-overview-20130321/}},
  year        = "2013",
  bibsource   = "https://w2.syronex.com/jmr/w3c-biblio",
  type        = "{W3C} Recommendation",
  institution = "W3C",
}

@TechReport{LinkedData,
  author      = "Verborgh, R.",
  title       = "Linked {D}ata {F}ragments, {A} uniform view on {W}eb interfaces to {L}inked {D}ata",
  month       = sep,
  note        = {\url{https://linkeddatafragments.org/specification/linked-data-fragments/}},
  year        = "2020",
  type        = "Unofficial Draft",
  institution = "Hydra {W3C} {C}ommunity {G}roup",
}

@TechReport{Graphql,
  author      = "",
  title       = "Graph{QL}",
  month       = jun,
  note        = {\url{https://spec.graphql.org/June2018/}},
  year        = "2018",
  type        = "Specification",
  institution = "Facebook, {I}nc.",
}

@TechReport{JSON-LD,
  author      = "Manu Sporny and Markus Lanthaler and Gregg Kellogg",
  title       = "{JSON}-{LD} 1.0",
  month       = nov,
  note        = "\url{https://www.w3.org/TR/2020/SPSD-json-ld-20201103/}",
  year        = "2020",
  bibsource   = "https://w2.syronex.com/jmr/w3c-biblio",
  type        = "{W3C} Recommendation",
  institution = "W3C",
}

@MISC{ZakonSvobodny4b,
    author = {ČESKO},
    title = {§ 4b zákona č. 106/1999 Sb., o svobodném přístupu k informacím - znění od 1. 2. 2022.},
    howpublished = { In: Zákony pro lidi.cz [online]. © AION CS 2010-2022 [cit. 2022-03-22]. Dostupné z: \url{https://www.zakonyprolidi.cz/cs/1999-106#p4b}}
}

@MISC{OFN,
    author = "",
    title = {Otevřené formální normy ({OFN})},
    howpublished = { Dostupné z: \url{https://data.gov.cz/ofn/} [cit. 2022-07-13]}
}

@MISC{ZakonSvobodny5a,
    author = {ČESKO},
    title = {§ 5a odst. 3 zákona č. 106/1999 Sb., o svobodném přístupu k informacím - znění od 1. 2. 2022.},
    howpublished = { In: Zákony pro lidi.cz [online]. © AION CS 2010-2022 [cit. 2022-03-22]. Dostupné z: \url{https://www.zakonyprolidi.cz/cs/1999-106#p5a-3}}
}

@TechReport{OFN-UD,
  author      = "Škop, M., Klímek, J.",
  title       = "Úřední desky",
  month       = {červenec},
  note        = "\url{https://ofn.gov.cz/úřední-desky/2021-07-20/}",
  year        = "2021",
  type        = "Doporučení",
}

@MISC{RPP-about,
    author = "",
    title = {Registr práv a povinností},
    howpublished = {Dostupné z: \url{https://www.szrcr.cz/cs/registr-prav-a-povinnosti} [cit. 2022-07-13]}
}

@TechReport{OFN-RPP,
  author      = "Nečaský, M.",
  title       = "Registr práv a povinností",
  month       = {leden},
  note        = "\url{https://ofn.gov.cz/registr-práv-a-povinností/}",
  year        = "2021",
  type        = "Doporučení",
}

@TechReport{OFN-RPP-OVM,
  author      = "Nečaský, M.",
  title       = "Registr práv a povinností - orgány veřejné moci",
  month       = {leden},
  note        = "\url{https://ofn.gov.cz/registr-práv-a-povinností/orgány-veřejné-moci/2021-01-12/}",
  year        = "2021",
  type        = "Doporučení",
}

@MISC{RUIAN,
    author = {Státní správa zeměměřictví a katastru},
    title = {Registr územní identifikace, adres a nemovitost [software]},
    howpublished = { Dostupné z: \url{https://www.cuzk.cz/ruian/RUIAN.aspx} [cit. 2022-07-13]}
}

@TechReport{OFN-Dig,
  author      = "Dvořák, M., Spál, R., Marek, J., Klímek, J.",
  title       = "Digitální objekty",
  month       = {červenec},
  note        = "\url{https://ofn.gov.cz/digitální-objekty/2020-07-01/}",
  year        = "2020",
  type        = "Doporučení",
}

@TechReport{WKT,
  author      = "",
  title       = "Well-known text representation of coordinate reference systems",
  month       = aug,
  note        = {\url{http://www.opengis.net/doc/is/wkt-crs/2.0.6}},
  year        = "2019",
  type        = "{OGC} Implementation Standard",
  institution = "OGC",
}

@MISC{TS,
    author = {MICROSOFT},
    title = {Type{S}cript {D}ocumentation},
    howpublished = { Dostupné z: \url{https://www.typescriptlang.org/docs/} [cit. 2022-09-07]}
}

@TECHREPORT{ecma5,
    author = {ECMA INTERNATIONAL},
    title = {Ecma-262 {E}dition 5.1},
    publisher = {Ecma International},
    year = {2011},
    note = {Dostupné z: \url{https://www.ecma-international.org/wp-content/uploads/ECMA-262_5.1_edition_june_2011.pdf}}
}

@MISC{JBStudie,
    author = {JET BRAINS},
    title = {The State of Developer Ecosystem 2021, {J}ava{S}cript},
    howpublished = { Dostupné z: \url{https://www.jetbrains.com/lp/devecosystem-2021/javascript/} [cit. 2022-09-07]},
    year = {2021}
}

@MISC{Reactv17,
    author = {META PLATFORMS, INC.},
    title = {React {D}ocumentation v17.0.2},
    howpublished = { Dostupné z: \url{https://17.reactjs.org/} [cit. 2022-09-07]},
    year = {2021}
}

@MISC{ReactReconciliation,
    author = {META PLATFORMS, INC.},
    title = {React {D}ocumentation, {R}econciliation},
    howpublished = { Dostupné z: \url{https://reactjs.org/docs/reconciliation.html} [cit. 2022-09-07]},
    year = {2022}
}

@MISC{ReactComponents,
    author = {META PLATFORMS, INC.},
    title = {React {D}ocumentation, {C}omponents and {P}rops},
    howpublished = { Dostupné z: \url{https://reactjs.org/docs/components-and-props.html} [cit. 2022-09-07]},
    year = {2022}
}

@MISC{ReactJSX,
    author = {META PLATFORMS, INC.},
    title = {React {D}ocumentation, {I}ntroducing {JSX}},
    howpublished = { Dostupné z: \url{https://reactjs.org/docs/introducing-jsx.html} [cit. 2022-09-07]},
    year = {2022}
}



%%%%%%%%%%%%%%%%%%%%%%%%%%%%%%%%%%%%%%%%%%

@BOOK{Andel07,
  title = {Základy matematické statistiky},
  publisher = {Matfyzpress},
  year = {2007},
  author = {Anděl, J.},
  address = {Praha},
  series = {Druhé opravené vydání},
  isbn = {80-7378-001-1}
}

@BOOK{Andel98,
  title = {Statistické metody},
  publisher = {Matfyzpress},
  year = {1998},
  author = {Anděl, J.},
  address = {Praha},
  series = {Druhé přepracované vydání},
  isbn = {80-85863-27-8}
}

@ARTICLE{Cox72,
  author = {Cox, D. R.},
  title = {Regression models and life-tables (with {D}iscussion)},
  journal = {Journal of the Royal Statistical Society, Series B},
  year = {1972},
  volume = {34},
  pages = {187--220},
  number = {2}
}

@ARTICLE{DempsterLairdRubin77,
  author = {Dempster, A. P. and Laird, N. M. and Rubin, D. B.},
  title = {Maximum likelihood from incomplete data via the {EM} algorithm},
  journal = {Journal of the Royal Statistical Society, Series B},
  year = {1977},
  volume = {39},
  pages = {1--38},
  number = {1}
}

@ARTICLE{Genberget08,
  author = {Genberg, B. L. and Kulich, M. and Kawichai, S. and Modiba, P. and
	Chingono, A. and Kilonzo, G. P. and Richter, L. and Pettifor, A.
	and Sweat, M. and Celentano, D. D.},
  title = {{HIV} risk behaviors in Sub-{S}aharan {A}frica and {N}orthern {T}hailand:
	{B}aseline behavioral data from project {A}ccept},
  journal = {Journal of Acquired Immune Deficiency Syndrome},
  year = {2008},
  volume = {49},
  pages = {309--319}
}

@ARTICLE{KaplanMeier58,
  author = {Kaplan, E. L. and Meier, P.},
  title = {Nonparametric estimation from incomplete observations},
  journal = {Journal of the American Statistical Association},
  year = {1958},
  volume = {53},
  pages = {457--481},
  number = {282}
}

@BOOK{LehmannCasella98,
  title = {Theory of Point Estimation},
  publisher = {Springer-Verlag},
  year = {1998},
  author = {Lehmann, E. L. and Casella, G.},
  address = {New York},
  series = {{S}econd {E}dition},
  isbn = {0-387-98502-6}
}

@ARTICLE{Student08,
  author = {Student},
  title = {On the probable error of the mean},
  journal = {Biometrika},
  year = {1908},
  volume = {6},
  pages = {1-25}
}
